@book{kuperman2000magnetic,
  title={Magnetic resonance imaging: physical principles and applications},
  author={Kuperman, Vadim},
  year={2000},
  publisher={Academic Press}
}

@online{website,
  author = {Hornak, Joseph P.},
  title = {The Basics of MRI},
  year = {2016},
  url = {https://www.cis.rit.edu/htbooks/mri/inside-i.htm},
  urldate = {2017-12-20}
}

@online{UpenWIN,
  author = {Bortolotti, V. \and Brown, R.J.S. \and Fantazzini, P.},
  title = {UpenWin Software},
  year = {2012},
  url = {http://software.dicam.unibo.it/upenwin%20},
  urldate = {2017-12-20}
}

@book{dhawan2011medical,
  title={Medical image analysis},
  author={Dhawan, Atam P},
  volume={31},
  year={2011},
  publisher={John Wiley \& Sons}
}